@misc{CMSlumi,
	author={CMS Collaboration},
	title={{CMS} Luminosity - Public Results},
	url={https://twiki.cern.ch/twiki/bin/view/CMSPublic/LumiPublicResults},
	year={2018}
}

@misc{CMSPixelP1,
	doi = {10.48550/ARXIV.2012.14304},
	
	url = {https://arxiv.org/abs/2012.14304},
	
	author = {{The Tracker Group Of The CMS Collaboration}
	},
	
	keywords = {Instrumentation and Detectors (physics.ins-det), High Energy Physics - Experiment (hep-ex), FOS: Physical sciences, FOS: Physical sciences},
	
	title = {The CMS Phase-1 Pixel Detector Upgrade},
	
	publisher = {arXiv},
	
	year = {2020},
	
	copyright = {arXiv.org perpetual, non-exclusive license}
}