@techreport{Baiatian:1049915,
	author        = "Baiatian, G and others",
	collaboration = "CMSHCAL",
	title         = "{Design, Performance, and Calibration of CMS Hadron-Barrel
		Calorimeter Wedges}",
	institution   = "CERN",
	reportNumber  = "CMS-NOTE-2006-138",
	address       = "Geneva",
	number        = "1",
	year          = "2008",
	url           = "http://cds.cern.ch/record/1049915",
	doi           = "10.1140/epjc/s10052-008-0573-y",
}

@techreport{DeBruyn:2797803,
	author        = "De Bruyn, Isabelle Helena J",
	collaboration = "CMS",
	title         = "{Electronics upgrade for the CMS CSC muon system at the
	High Luminosity LHC}",
	institution   = "CERN",
	reportNumber  = "CMS-CR-2019-270",
	address       = "Geneva",
	year          = "2019",
	url           = "http://cds.cern.ch/record/2797803",
}

@techreport{CERN-LHCC-2020-004,
	collaboration = "CMS",
	title         = "{The Phase-2 Upgrade of the CMS Level-1 Trigger}",
	institution   = "CERN",
	reportNumber  = "CERN-LHCC-2020-004, CMS-TDR-021",
	address       = "Geneva",
	year          = "2020",
	url           = "https://cds.cern.ch/record/2714892",
	note          = "Final version",
}
@techreport{Bachtis:2648953,
      author        = "Bachtis, Michail",
      collaboration = "CMS",
      title         = "{Upgrade of the CMS Barrel Muon Track Finder for HL-LHC
                       featuring a Kalman Filter algorithm and an ATCA Host
                       Processor with Ultrascale+ FPGAs}",
      institution   = "CERN",
      reportNumber  = "CMS-CR-2018-294",
      address       = "Geneva",
      year          = "2019",
      url           = "https://cds.cern.ch/record/2648953",
      doi           = "10.22323/1.343.0139",
}

@techreport{Hayrapetyan:2870088,
	author        = "Hayrapetyan, Aram and others",
	collaboration = "CMS",
	title         = "{Development of the CMS detector for the CERN LHC Run 3}",
	institution   = "CERN",
	archivePrefix = "arXiv",
	eprint        = "2309.05466",
	reportNumber  = "CMS-PRF-21-001, CERN-EP-2023-136, CMS-PRF-21-001-003",
	address       = "Geneva",
	year          = "2023",
	url           = "https://cds.cern.ch/record/2870088",
}